<?xml version="1.0" encoding="UTF-8"?><record xmlns="http://www.loc.gov/MARC21/slim" xmlns:cinclude="http://apache.org/cocoon/include/1.0" xmlns:zs="http://www.loc.gov/zing/srw/">
  <leader>00430cz  a2200133n  4500</leader>
  <controlfield tag="001">n  82055119 </controlfield>
  <controlfield tag="003">DLC</controlfield>
  <controlfield tag="005">20050713162027.0</controlfield>
  <controlfield tag="008">820520n| acannaab           |n aaa      </controlfield>
  <datafield tag="010" ind1=" " ind2=" ">
    <subfield code="a">n  82055119 </subfield>
    <subfield code="z">n  88191420 </subfield>
  </datafield>
  <datafield tag="040" ind1=" " ind2=" ">
    <subfield code="a">DLC</subfield>
    <subfield code="c">DLC</subfield>
    <subfield code="d">DLC</subfield>
  </datafield>
  <datafield tag="100" ind1="1" ind2="0">
    <subfield code="a">Wolff, Frieda</subfield>
  </datafield>
  <datafield tag="670" ind1=" " ind2=" ">
    <subfield code="a">Wolff, E. Judeus no Brasil Imperial, 1975.</subfield>
  </datafield>
  <datafield tag="670" ind1=" " ind2=" ">
    <subfield code="a">Nossas treĚs vidas e outras histoĚrias, 1999:</subfield>
    <subfield code="b">t.p. (Frida Wolff) p. 9 (b. in Berlin, Oct. 30, 1911)</subfield>
  </datafield>
</record>